<?xml version="1.0" encoding="utf-8"?>
<record xmlns="http://www.loc.gov/MARC21/slim" xmlns:xsi="http://www.w3.org/2001/XMLSchema-instance" xsi:schemaLocation="http://www.loc.gov/MARC21/slim http://www.loc.gov/standards/marcxml/schema/MARC21slim.xsd">
	<leader>
		02613nam a2200361   4500
	</leader>
	<controlfield tag="001">
		001678251
	</controlfield>
	<controlfield tag="003">
		NNU
	</controlfield>
	<controlfield tag="006">
		m        d        
	</controlfield>
	<controlfield tag="007">
		cr cn |||m|||a
	</controlfield>
	<controlfield tag="008">
		151105s1966    iq c    o     000 0 ara d
	</controlfield>
	<datafield ind1=" " ind2=" " tag="040">
		<subfield code="a">
			NNU
		</subfield>
		<subfield code="b">
			eng
		</subfield>
		<subfield code="c">
			NNU
		</subfield>
	</datafield>
	<datafield ind1=" " ind2="4" tag="050">
		<subfield code="a">
			DS97.2
		</subfield>
		<subfield code="b">
			.I188 1966
		</subfield>
	</datafield>
	<datafield ind1="1" ind2=" " tag="100">
		<subfield code="6">
			880-01
		</subfield>
		<subfield code="a">
			Ibn ʻAqīl, Muḥammad,
		</subfield>
		<subfield code="d">
			1862 or 1863-1931 or 1932.
		</subfield>
	</datafield>
	<datafield ind1="1" ind2="0" tag="245">
		<subfield code="6">
			880-02
		</subfield>
		<subfield code="a">
			Taqwīyat al-Imān Burd Tazkīyat Ibn Abī Sufyān : wa-yalīh Faṣl al-ḥākim fī al-nizāʻ wa al-takhāṣim fīmā bayna Banī Umayyah wa-Banī Hāshim
		</subfield>
		<subfield code="h">
			[electronic resource] /
		</subfield>
		<subfield code="c">
			taʼlīf Muḥammad ibn ʻAqīl ibn ʻAbd Allāh ibn Yaḥyá al-ʻAlawī al-Ḥusaynī ; qaddama lahu Kāẓim al-Muẓaffar.
		</subfield>
	</datafield>
	<datafield ind1=" " ind2=" " tag="250">
		<subfield code="6">
			880-03
		</subfield>
		<subfield code="a">
			[al-Ṭabʻah 2.].
		</subfield>
	</datafield>
	<datafield ind1=" " ind2=" " tag="260">
		<subfield code="6">
			880-04
		</subfield>
		<subfield code="a">
			Baghdād :
		</subfield>
		<subfield code="b">
			al-Maktabah al-Ḥaydarīyah,
		</subfield>
		<subfield code="c">
			1966.
		</subfield>
	</datafield>
	<datafield ind1=" " ind2=" " tag="300">
		<subfield code="a">
			online resource (8, 120, 43 p.) :
		</subfield>
		<subfield code="b">
			port.
		</subfield>
	</datafield>
	<datafield ind1=" " ind2=" " tag="500">
		<subfield code="a">
			Refutation of a work by ʻUthmān ibn ʻAbd Allāh ibn ʻAqīl al-ʻAlawī entitled Iʻānat al-mustarshidīn ʻalá ijtināb al-bidaʻ fī al-dīn, attacking the author's al-Naṣā'iḥ al-kāfīyah li-man yatawallá Muʻāwiyah.
		</subfield>
	</datafield>
	<datafield ind1=" " ind2=" " tag="500">
		<subfield code="a">
			Cover title: Takwiatel iman, by Mohd. bin Aqil al-Alawi.
		</subfield>
	</datafield>
	<datafield ind1=" " ind2=" " tag="500">
		<subfield code="a">
			Part of the Arabic Collections Online (ACO) project, contributed by New York Univeristy Libraries.
		</subfield>
	</datafield>
	<datafield ind1=" " ind2=" " tag="533">
		<subfield code="a">
			Electronic reproduction.
		</subfield>
		<subfield code="b">
			New York, N.Y. :
		</subfield>
		<subfield code="c">
			New York University,
		</subfield>
		<subfield code="d">
			2015.
		</subfield>
		<subfield code="5">
			NNU
		</subfield>
	</datafield>
	<datafield ind1="0" ind2="0" tag="600">
		<subfield code="6">
			880-05
		</subfield>
		<subfield code="a">
			Muʻāwiyah ibn Abī Sufyān,
		</subfield>
		<subfield code="c">
			Caliph,
		</subfield>
		<subfield code="d">
			-680.
		</subfield>
	</datafield>
	<datafield ind1="2" ind2=" " tag="710">
		<subfield code="a">
			New York University.
		</subfield>
		<subfield code="b">
			Libraries.
		</subfield>
	</datafield>
	<datafield ind1="0" ind2=" " tag="730">
		<subfield code="a">
			Arabic Collections Online.
		</subfield>
	</datafield>
	<datafield ind1="0" ind2="8" tag="776">
		<subfield code="i">
			Print version:
		</subfield>
		<subfield code="a">
			Ibn ʻAqīl, Muḥammad, 1862 or 1863-1931 or 1932.
		</subfield>
		<subfield code="t">
			Taqwīyat al-Imān Burd Tazkīyat Ibn Abī Sufyān : wa-yalīh Faṣl al-ḥākim fī al-nizāʻ wa al-takhāṣim fīmā bayna Banī Umayyah wa-Banī Hāshim
		</subfield>
		<subfield code="w">
			(NNU)001678251
		</subfield>
	</datafield>
	<datafield ind1="4" ind2="0" tag="856">
		<subfield code="u">
			http://hdl.handle.net/2333.1/6t1g1nr9
		</subfield>
	</datafield>
	<datafield ind1="1" ind2=" " tag="880">
		<subfield code="6">
			100-01/
		</subfield>
		<subfield code="a">
			ابن عقيل، محمد،
		</subfield>
		<subfield code="d">
			1862 or 1863-1931 or 1932.
		</subfield>
	</datafield>
	<datafield ind1="1" ind2="0" tag="880">
		<subfield code="6">
			245-02/
		</subfield>
		<subfield code="a">
			تقوية الايمان برد تزكية ابن ابي سفيان : ويليه فصل الحاكم في النزاع والتخاصم فيما بين بني امية وبني هاشم /
		</subfield>
		<subfield code="c">
			تأليف محمد بن عقيل بن عبد الله بن يحيى العلوي الحسيني ؛ قدم له كاظم المظفر.
		</subfield>
	</datafield>
	<datafield ind1=" " ind2=" " tag="880">
		<subfield code="6">
			250-03/
		</subfield>
		<subfield code="a">
			[الطبعة 2.].
		</subfield>
	</datafield>
	<datafield ind1=" " ind2=" " tag="880">
		<subfield code="6">
			260-04/
		</subfield>
		<subfield code="a">
			بغداد :
		</subfield>
		<subfield code="b">
			المكتبة الحيدرية،
		</subfield>
		<subfield code="c">
			1966.
		</subfield>
	</datafield>
	<datafield ind1="0" ind2="4" tag="880">
		<subfield code="6">
			600-05/
		</subfield>
		<subfield code="a">
			معاوية بن ابي سفيان،
		</subfield>
		<subfield code="c">
			Caliph,
		</subfield>
		<subfield code="d">
			-680.
		</subfield>
	</datafield>
	<datafield ind1=" " ind2=" " tag="959">
		<subfield code="a">
			NNU
		</subfield>
		<subfield code="b">
			WEB
		</subfield>
		<subfield code="c">
			GENI
		</subfield>
		<subfield code="t">
			0
		</subfield>
		<subfield code="m">
			Electronic access
		</subfield>
		<subfield code="s">
			01
		</subfield>
	</datafield>
	<datafield ind1=" " ind2=" " tag="999">
		<subfield code="i">
			NNU_001678251
		</subfield>
		<subfield code="s">
			nyu_aco001336
		</subfield>
	</datafield>
</record>
